
@misc{wiki,
   author = "Wikipedia",
   title = "Toyota Produktionssystem",
   year = "2017",
   note = "[Online; Stand 09.06.2017]"
}

@misc{Toyota_Material_Handling,
   author = "Dentsu Brussels Group",
   title = "Das Toyota Produktionssystem",
   year = "2010",
   url = "http://www.pdf.toyota-forklifts-info.de/Broschuere_TPS.pdf",
   note = "[Online; Stand 09.06.2017]"
}

@misc{IGM,
   author = "Michael Ehrke",
   title = "Toyota Produktionssystem – TPS ",
   year = "2008",
   url = "http://www.isf-muenchen.de/pdf/IGM-Toyota-Broschuere.pdf",
   note = "[Online; Stand 09.06.2017]"
}

@book{Japanische_Erfolgskonzepte,
	author = "Frnz J. Brunner",
	title="Japanische Erfolgskonzepte",
	year = "2014",
	publisher = "Carl Hanser Verlag GmbH & Co. KG "
}

@misc{Gruenderszene,
   author = "Stephanie Zeidler",
   title = "Prozessoptimierung mit der 5S-Methode ",
   year = "2010",
   url = "https://www.gruenderszene.de/allgemein/prozessoptimierung-mit-der-5s-methode",
   note = "[Online; Stand 09.06.2017]"
}

@misc{lean_production_expert,
   author = "5-Why MEthode",
   title = "5-Why Methode ",
   year = "2012",
   url = "http://www.lean-production-expert.de/lean-production/5-why.html",
   note = "[Online; Stand 09.06.2017]"
}

@misc{lean_production_expert_taktzeit,
   author = "Taktzeitdiagramm",
   title = "Taktzeitdiagramm",
   year = "2012",
   url = "http://www.lean-production-expert.de/lean-production/taktzeitdiagramm.html",
   note = "[Online; Stand 09.06.2017]"
}

@misc{panview,
   author = "Das Toyota 3M Modell: Muda, Mura, Muri",
   title = "Das Toyota 3M Modell: Muda, Mura, Muri",
   year = "o. D.",
   url = "http://www.panview.nl/de/lean-produktion-lean-basis/das-toyota-3m-modell-muda-mura-muri",
   note = "[Online; Stand 09.06.2017]"
}

@misc{Management_Circle,
   author = "Claudia Blum",
   title = "Wie die Lean Methode Heijunka zur Produktionsglättung beiträgt",
   year = "2016",
   url = "http://www.panview.nl/de/lean-produktion-lean-basis/das-toyota-3m-modell-muda-mura-muri",
   note = "[Online; Stand 09.06.2017]"
}