% This file was created with JabRef 2.10.
% Encoding: UTF8

@misc{Bosch_Web,
   author = "Robert Bosch GmbH",
   title = "Bosch in Deutschland",
   year = "2016",
   url = "http://www.bosch.de/de/de/our_company_1/our-company-lp.html",
   note = "[Online; Stand 13.03.2016]"
}

@misc{Bosch_SI,
   author = "Bosch Software Innovations GmbH",
   title = "Software Innovations- Über uns",
   year = "2016",
   url = "https://www.bosch-si.com/de/newsroom/ueber-uns/ueber-bosch-software-innovations.html",
   note = "[Online; Stand 13.03.2016]"
}

@misc{Spring,
   author = "Pivotal Software Inc",
   title = "Spring Framework",
   year = "2016",
   url = "http://projects.spring.io/spring-framework/",
   note = "[Online; Stand 13.03.2016]"
}

@misc{Spring_REST,
	author = "Pivotal Software Inc",
	title = "Spring REST Code Beispiel",
	year = "2016",
	url = "https://spring.io/guides/gs/rest-service/",
	note = "[Online; Stand 13.03.2016]"
}

@misc{Spring_CONFIG,
	author = "Pivotal Software Inc",
	title = "Spring REST Code Beispiel",
	year = "2016",
	url = "http://www.tutorialspoint.com/spring/spring_autowired_annotation.htm",
	note = "[Online; Stand 13.03.2016]"
}

@misc{JGiven,
	author = "Jan Schäfer",
	title = "JGiven Documentation",
	year = "2016",
	url = "http://jgiven.org/",
	note = "[Online; Stand 13.03.2016]"
}

@misc{JGiven_Github,
	author = "Jan Schäfer",
	title = "JGiven Github",
	year = "2016",
	url = "https://github.com/TNG/JGiven/tree/master/jgiven-examples/",
	note = "[Online; Stand 13.03.2016]"
}
